<?xml version="1.0" encoding="UTF-8"?><collection xmlns="http://www.loc.gov/MARC21/slim"><record><leader>00469nam--2200133-i-4500</leader><controlfield tag="001">000015307</controlfield><controlfield tag="002">20161230</controlfield><controlfield tag="005">20170210122337</controlfield><controlfield tag="008">060222s1000------------r-----000-0-eng-d</controlfield><datafield ind1=" " ind2=" " tag="245"><subfield code="a">Cobalt-60 teletherapy: a compendium of international practice. A joint undertaking of the IAEA and the World Health Organization compiled by Montague Cohen and Joseph S. Mitchell</subfield></datafield><datafield ind1=" " ind2=" " tag="260"><subfield code="a">Vienna</subfield><subfield code="b">Iaea</subfield><subfield code="c">1984</subfield></datafield><datafield ind1=" " ind2=" " tag="300"><subfield code="a">693 p</subfield></datafield><datafield ind1=" " ind2=" " tag="852"><subfield code="a">61:621.039.83</subfield></datafield><datafield ind1=" " ind2=" " tag="CAT"><subfield code="a">SYS</subfield><subfield code="c">20170210</subfield><subfield code="h">122337</subfield></datafield></record></collection>